@BOOK{Meta,
	Author={Geoffrey Hunter},
	Title={Metalogic. An introduction to the Metatheory of standard first order logic},
	Publisher={Palgrave Macmillan},
	Year={1971},
}


@BOOK{Hamilton,
	Author={Alan G. Hamilton},
	Title={Logic for mathematicians},
	Publisher={Cambridge University Press},
	Year={1978},
}

@BOOK{Companion,
	Author={Timothy Gowers and June Barrow-Green and Imre Leader},
	Title={The Princeton Companion to Mathematics},
	Publisher={Princeton University Press},
	Year={2008},
}


@BOOK{Godel,
	Author={Kurt Gödel},
	Title={On formally undecidable propositions of Principia Mathematica and related systems},
	Publisher={Dover Publications},
	Year={1992},
}


@BOOK{Brown,
	Author={James R. Brown},
	Title={Philosophy of mathematics: a contemporary introduction to the world of proofs and picrures},
	Publisher={Routledge},
	Year={2008},
	Edition={Second}
}


@BOOK{Halmos,
	Author={Paul R. Halmos},
	Title={Naive set theory},
	Publisher={Springer-Verlag},
	Year={1960},
}


@BOOK{Howto,
	Author={Kevin Houston},
	Title={How to think like a mathematician: a companion to undergraduate mathematics},
	Publisher={Cambridge University Press},
	Year={2009},
}



@BOOK{Proof,
	Author={Richard Hammack},
	Title={Book of Proof},
	Year={2018},
	Edition={Third},
}

@BOOK{Kolmogorov,
	Author={A. N. Kolmogórov and A. G. Dragalin},
	Title={Lógica matemática. Introducción a la lógica matemática},
	Year={2013},
	Publisher={Editorial URSS}
}
